<record xmlns="http://www.loc.gov/MARC21/slim" xmlns:xsi="http://www.w3.org/2001/XMLSchema-instance" xsi:schemaLocation="http://www.loc.gov/MARC21/slim http://www.loc.gov/standards/marcxml/schema/MARC21slim.xsd">

  <leader>02150nam a2200253Ia 4500</leader>
  <datafield tag="999" ind1=" " ind2=" ">
    <subfield code="c">2307</subfield>
    <subfield code="d">2307</subfield>
  </datafield>
  <controlfield tag="008">180905b2001    cr ||||| |||| 00| | spa d</controlfield>
  <datafield tag="090" ind2=" " ind1=" ">
    <subfield code="a">18.09.01 </subfield>
    <subfield code="b">302</subfield>
  </datafield>
  <datafield ind2=" " ind1="1" tag="100">
    <subfield code="a">Mora Vargas, Ana Isabel</subfield>
    <subfield code="9">129</subfield>
  </datafield>
  <datafield tag="245" ind2="0" ind1="1">
    <subfield code="a">Lineamientos metodológicos para evaluar el plan de estudios /</subfield>
    <subfield code="c">Ana Isabel Mora Vargas</subfield>
  </datafield>
  <datafield tag="260" ind2=" " ind1=" ">
    <subfield code="a">San José, Costa Rica : </subfield>
    <subfield code="b">IIMEC, </subfield>
    <subfield code="c">2001</subfield>
  </datafield>
  <datafield ind2=" " ind1=" " tag="300">
    <subfield code="a">46 páginas</subfield>
  </datafield>
  <datafield tag="500" ind1=" " ind2=" ">
    <subfield code="a">Informe de investigación proyecto Nº 724-94-601</subfield>
  </datafield>
  <datafield tag="500" ind1=" " ind2=" ">
    <subfield code="a">	El propósito de esta guía es ofrecer elementos que permitan reflexionar acerca de la evaluación como una estrategia útil y necesaria para el mejoramiento de la calidad de la educación superior, específicamente lo relacionado con el diseño de plan de estudios. Se hace énfasis en los lineamientos para evaluar el plan de estudios y se refiere a la evaluación dentro del contexto actual de la educación, enfatizando la necesidad de cambio y retos que debe enfrentar la educación superior pública. En el proceso de cambio se pueden distinguir dos posiciones. Por una parte, se presenta el cambio como necesario para que el sistema esté en posición de contribuir efectivamente al desarrollo nacional. Por otra parte, se considera el cambio como un requisito indispensable para asegurar la supervivencia institucional. La evaluación es considerada de dos formas, como valoración o como medición de un proceso. En el marco conceptual se ofrecen diferentes posiciones acerca del concepto de evaluación curricular, sus propósitos, retos para el cambio y los enfoques o tendencias actuales en la evaluación. La concepción de evaluación ha variado sustancialmente en los últimos dos años por lo que se trata de hacer un análisis de la evolución de la evaluación y su relación con el enfoque tradicional y el enfoque integral.</subfield>
  </datafield>
  <datafield tag="650" ind2="4" ind1="1">
    <subfield code="a">DESARROLLO SOCIAL </subfield>
    <subfield code="9">613</subfield>
  </datafield>
  <datafield ind2="4" ind1="1" tag="650">
    <subfield code="a">NIÑOS</subfield>
    <subfield code="9">59</subfield>
  </datafield>
  <datafield ind1="1" ind2="4" tag="650">
    <subfield code="a">PSICOLOGÍA DEL NIÑO</subfield>
    <subfield code="9">874</subfield>
  </datafield>
  <datafield tag="650" ind2="4" ind1="1">
    <subfield code="a">EDUCACIÓN</subfield>
    <subfield code="9">1</subfield>
  </datafield>
  <datafield ind1="1" ind2="4" tag="650">
    <subfield code="a">EDUCACIÓN PRIMARIA</subfield>
    <subfield code="9">367</subfield>
  </datafield>
  <datafield tag="650" ind2="4" ind1="1">
    <subfield code="a">PRUEBAS</subfield>
    <subfield code="9">629</subfield>
  </datafield>
  <datafield ind1="1" ind2="4" tag="650">
    <subfield code="a">CAPACITACIÓN DEL PERSONAL</subfield>
    <subfield code="9">3810</subfield>
  </datafield>
  <datafield ind1="1" ind2="4" tag="650">
    <subfield code="a">EVALUACIÓN </subfield>
    <subfield code="9">287</subfield>
  </datafield>
  <datafield tag="650" ind1="1" ind2="4">
    <subfield code="a">PLAN DE ESTUDIOS</subfield>
    <subfield code="9">4190</subfield>
  </datafield>
  <datafield tag="942" ind1=" " ind2=" ">
    <subfield code="2">z</subfield>
    <subfield code="c">04</subfield>
  </datafield>
</record>